@misc{37signals2013,
author = {{37signals LLC}},
title = {Highrise Tour},
howpublished = {\url{http://highrisehq.com/tour}},
urldate = {15/07/13},
year = {2013}
}
@book{Babbie2010,
author = {Babbie, ER},
edition = {12th},
isbn = {9780495598411},
publisher = {Cengage Learning},
title = {The practice of social research},
year = {2012}
}
@article{BachmannD.ElfrinkJ.&Vazzana1999,
author = {Bachmann, D. and Elfrink, J. and Vazzana, G.},
journal = {Marketing Research},
number = {4},
pages = {11--15},
title = {E-mail and snail mail face off in rematch},
volume = {11},
year = {1999}
}
@article{Bernstein1996,
author = {Bernstein, L},
journal = {Journal of Systems Integration},
pages = {9--14},
title = {Foreword: Importance of Software Prototyping},
volume = {14},
year = {1996}
}
@article{Barron2002,
annote = {Personalization},
author = {Barron, Greg and Yechiam, Eldad},
journal = {Computers in Human Behavior},
number = {5},
pages = {507--520},
title = {Private e-mail requests and the diffusion of responsibility},
volume = {18},
year = {2002}
}
@article{Bogen1996,
author = {Bogen, Karen},
journal = {Proceedings of the Section on Survey Research Methods},
pages = {1020--1025},
title = {The effect of questionnaire length on response rates: A review of the literature},
year = {1996}
}
@article{Bradburn1978,
author = {Bradburn, NM},
journal = {Proceedings of the Survey Research Methods Section of the American Statistical Association},
pages = {35--40},
title = {Respondent burden},
year = {1978}
}
@book{Celko2004,
author = {Celko, J},
edition = {1st},
isbn = {1558609202},
publisher = {Morgan Kaufmann Publishers},
title = {{Joe Celkos Trees \& Hierarchies in SQL for Smarties}},
year = {2004}
}
@misc{CollinsEnglishDictionary2013,
author = {{Collins English Dictionary}},
title = {Definition of mail merge},
howpublished = {\url{http://www.collinsdictionary.com/dictionary/english/mail-merge_1}},
urldate = {27/07/13},
year = {2013}
}
@misc{ConstantContactInc.2013,
author = {{Constant Contact Inc.}},
title = {Email Marketing Software from Constant Contact},
howpublished = {\url{http://www.constantcontact.com/email-marketing/features/email-creation}},
urldate = {15/07/13},
year = {2013}
}
@article{ConstantContactInc.2011,
author = {{Constant Contact Inc.}},
title = {Building your email witht the Advanced Editor Tool},
howpublished = {\url{http://www.constantcontact.com/learning-center/guides/details/building-your-email-with-the-advanced-editor-tool.jsp}},
year = {2011}
}
@misc{ConstantContactInc.2013a,
author = {{Constant Contact Inc.}},
title = {Email Marketing Lists},
howpublished = {\url{http://www.constantcontact.com/email-marketing/features/email-list}},
urldate = {15/07/13},
year = {2013}
}
@misc{rfc3501,
author="M. Crispin",
title="{INTERNET MESSAGE ACCESS PROTOCOL - VERSION 4rev1}",
series="Request for Comments",
number="3501",
howpublished="http://www.ietf.org/rfc/rfc3501.txt",
publisher="IETF",
organization="Internet Engineering Task Force",
year=2003
}
@article{Dillman1991,
author = {Dillman, DA},
journal = {Annual review of sociology},
number = {1991},
pages = {225--249},
title = {The design and administration of mail surveys},
volume = {17},
year = {1991}
}
@book{Dillman2006,
author = {Dillman, DA},
edition = {2nd},
isbn = {9780470038567},
publisher = {Wiley},
title = {Mail and Internet Surveys: The Tailored Design Method},
year = {2006}
}
@book{DillmanDonA.SmythJoleneD.Christian2009,
author = {Dillman, Don A. and Smyth, Jolene D. and Christian, Leah Melani},
edition = {3rd},
isbn = {0471698687, 9780471698685},
publisher = {John Wiley \& Sons},
title = {Internet, mail, and mixed-mode surveys},
year = {2009}
}
@article{Dillman1974a,
author = {Dillman, Don A. and Frey, James H.},
issn = {0021-9010},
journal = {Journal of Applied Psychology},
number = {3},
pages = {297--301},
title = {Contribution of personalization to mail questionnaire response as an element of previous tested method},
volume = {59},
year = {1974}
}
@book{Eley2009,
author = {Eley, B Y Brandon and Tilley, Shayne},
edition = {1st},
isbn = {9780980576825},
publisher = {SitePoint},
title = {Online Marketing Inside Out},
year = {2009}
}
@article{Emerson1976,
author = {Emerson, RM},
journal = {Annual review of sociology},
number = {1976},
pages = {335--362},
title = {Social Exchange Theory},
volume = {2},
year = {1976}
}
@misc{GoogleInc.2013,
author = {{Google Inc.}},
title = {{How actions sync in IMAP - Gmail Help}},
howpublished = {\url{https://support.google.com/mail/answer/77657?hl=en}},
urldate = {02/08/13},
year = {2013}
}
@misc{GoogleInc.2013a,
author = {{Google Inc.}},
title = {{Gmail APIs -- Google Developers}},
howpublished = {\url{https://developers.google.com/gmail/imap_extensions}},
urldate = {06/08/13},
year = {2013}
}
@book{Groves2009,
author = {Groves, RM and Jr, FJ Fowler and Couper, MP},
edition = {2nd},
isbn = {0471483486},
publisher = {Wiley},
title = {Survey Methodology},
year = {2009}
}
@article{Halverson2004,
author = {Halverson, CA and Erickson, Thomas and Ackerman, MS},
journal = {Proceedings of the 2004 ACM conference on Computer supported cooperative work},
title = {Behind the Help Desk: Evolution of a Knowledge Management System in a Large Organization},
year = {2004}
}
@article{Heberlein1978,
author = {Heberlein, TA and Baumgartner, R},
journal = {American Sociological Review},
number = {4},
pages = {447--462},
title = {Factors Affecting Response Rates to Mailed Questionnaires: A Quantitative Analysis of the Published Literature},
volume = {43},
year = {1978}
}
@article{Heerwegh2005,
author = {Heerwegh, D.},
journal = {Public Opinion Quarterly},
number = {4},
pages = {588--598},
title = {Effects of Personal Salutations in E-mail Invitations to Participate in a Web Survey},
volume = {69},
year = {2005}
}
@article{Joinson2007,
author = {Joinson, Adam N. and Reips, Ulf-Dietrich},
journal = {Computers in Human Behavior},
number = {3},
pages = {1372--1383},
title = {Personalized salutation, power of sender and response rates to Web-based surveys},
volume = {23},
year = {2007}
}
@misc{KayakoInc.2013,
author = {{Kayako Inc.}},
title = {Tour},
howpublished = {\url{http://www.kayako.com/tour/}},
urldate = {14/07/13},
year = {2013}
}
@misc{KayakoInc.2013a,
author = {{Kayako Inc.}},
title = {Help Desk Software, Live Chat Software and Customer Service Software},
howpublished = {\url{http://www.kayako.com/}},
urldate = {14/07/13},
year = {2013}
}
@misc{rfc5321,
author = {Klensin, J},
howpublished = {\url{http://www.ietf.org/rfc/rfc5321.txt}},
institution = {Internet Engineering Task Force},
month = oct,
number = {5321},
publisher = {IETF},
series = {Request for Comments},
title = {{Simple Mail Transfer Protocol}},
year = {2008}
}
@inproceedings{Kokkalis2013,
author = {Kokkalis, Nicolas and K\"{o}hn, Thomas and Pfeiffer, Carl and Chornyi, Dima and Bernstein, Michael S. and Klemmer, Scott R.},
title = {EmailValet: managing email overload through private, accountable crowdsourcing},
booktitle = {Proceedings of the 2013 conference on Computer supported cooperative work},
series = {CSCW '13},
year = {2013},
pages = {1291--1300},
publisher = {ACM},
}
@misc{Lewis1993,
author = {Lewis, Peter H.},
booktitle = {New York Times},
title = {The Executive Computer; A Growing Internet Is Trying to Take Care of Business},
howpublished = {\url{http://www.nytimes.com/1993/12/12/business/the-executive-computer-a-growing-internet-is-trying-to-take-care-of-business.html?pagewanted=all&src=pm}},
urldate = {14/06/13},
year = {1993}
}
@article{Madden2003,
author = {Madden, M and Rainie, L},
journal = {Pew Internet \& American Life Project},
number = {December},
title = {America's Online Pursuits: The changing picture of who's online and what they do},
year = {2003}
}
@article{Madden2008,
author = {Madden, Mary and Jones, Sydney},
journal = {Pew Internet \& American Life Project},
title = {Networked Workers},
year = {2008}
}
@article{Mavis1998,
author = {Mavis, B. E. and Brocato, J. J.},
journal = {Evaluation \& the Health Professions},
number = {3},
pages = {395--408},
title = {Postal Surveys versus Electronic Mail Surveys: The Tortoise and the Hare Revisited},
volume = {21},
year = {1998}
}
@misc{InternetWorldStats2012,
author = {Miniwatts Marketing Group},
title = {World Internet Users Statistics Usage and World Population Stats},
howpublished = {\url{http://www.internetworldstats.com/stats.htm}},
urldate = {21/05/13},
year = {2012}
}
@article{Norman2000,
author = {Norman, N and Lutz, E},
journal = {Stanford Institute for the Quantitative Study of Society. \ldots},
title = {Internet and Society: A Preliminary Report},
year = {2000}
}
@article{Paolo2009,
author = {Paolo, A. M. and Bonaminio, G. A. and Gibson, C. and Partridge, T. and Kallail, K.},
journal = {Teaching and Learning in Medicine},
number = {2},
pages = {81--84},
title = {Response rate comparisons of e-mail-and mail-distributed student evaluations},
volume = {12},
year = {2000}
}
@article{Purcell2011,
author = {Purcell, Kristen},
journal = {Pew Internet \& American Life Project},
title = {Search and email still top the list of most popular online activities},
year = {2011}
}
@article{Reinartz2004,
author = {Reinartz, Werner and and Krafft, Manfred and Hoyer, WD},
journal = {Journal of marketing research},
number = {3},
pages = {293--305},
title = {The Customer Relationship Management Process: Its Measurement and Impact on Performance},
volume = {41},
year = {2004}
}
@misc{Repici2010,
author = {Repici, Dominic John},
title = {{CSV Comma Separated Value File Format}},
howpublished = {\url{http://www.creativyst.com/Doc/Articles/CSV/CSV01.htm}},
urldate = {22/07/13},
year = {2010}
}
@misc{rfc5322,
annote = {Updated by RFC 6854},
author = {Resnick, P},
howpublished = {\url{http://www.ietf.org/rfc/rfc5322.txt}},
institution = {Internet Engineering Task Force},
number = {5322},
publisher = {IETF},
series = {Request for Comments},
title = {{Internet Message Format}},
year = {2008}
}
@misc{Rouse2008,
author = {Rouse, Margaret},
title = {What is key-value pair?},
howpublished = {\url{http://searchenterprisedesktop.techtarget.com/definition/key-value-pair}},
urldate = {15/07/13},
year = {2008}
}
@misc{RubyGemsGuides2013,
author = {{RubyGems Guides}},
title = {{What is a gem?}},
howpublished = {\url{http://guides.rubygems.org/what-is-a-gem/}},
urldate = {29/07/13},
year = {2013}
}
@article{Schaefer1998,
author = {Schaefer, DR and Dillman, DA},
journal = {Public opinion quarterly},
number = {3},
pages = {378--397},
title = {Development of a standard e-mail methodology: Results of an experiment.},
volume = {62},
year = {1998}
}
@article{Scott1969,
author = {Scott, A and Smith, TMF},
journal = {Journal of the American Statistical Association},
number = {327},
pages = {830--840},
title = {Estimation in Multi-Stage Surveys},
volume = {64},
year = {1969}
}
@article{Selm2006,
author = {Selm, Martine and Jankowski, Nicholas W.},
journal = {Quality \& Quantity},
number = {3},
pages = {435--456},
title = {Conducting Online Surveys},
volume = {40},
year = {2006}
}
@article{Sheehan2006,
author = {Sheehan, Kim Bartel and Hoy, Mariea Grubbs},
journal = {Journal of Computer-Mediated Communication},
number = {3},
title = {Using E-mail To Survey Internet Users In The United States: Methodology And Assessment},
volume = {4},
year = {2006}
}
@article{Sproull1986,
author = {Sproull, LS},
journal = {Academy of Management Journal},
number = {1},
pages = {159--169},
title = {Using Electronic Mail for Data Collection in Organizational Research},
volume = {29},
year = {1986}
}
@article{Sue2011,
author = {Sue, VM and Ritter, LA},
journal = {Sage},
title = {Conducting Online Surveys},
year = {2011}
}
@misc{SugarCRMInc.2013,
author = {{SugarCRM Inc.}},
title = {Email Integration - Gmail, Outlook, Lotus Notes, Yahoo, IMAP},
howpublished = {\url{http://www.sugarcrm.com/feature/email-integration}},
urldate = {14/07/13},
year = {2013}
}
@misc{TheRocketScienceGroupLLC2013,
author = {{The Rocket Science Group LLC}},
title = {Multi-User Accounts},
howpublished = {\url{http://mailchimp.com/features/multi-user-accounts/}},
urldate = {15/07/13},
year = {2013}
}
@article{TheRocketScienceGroupLLC2013e,
author = {{The Rocket Science Group LLC}},
title = {How to Use Merge Tags},
howpublished = {\url{http://mailchimp.com/resources/guides/how-to-use-merge-tags/}},
year = {2013}
}
@misc{TheRocketScienceGroupLLC2013a,
author = {{The Rocket Science Group LLC}},
title = {Drag and Drop Editor},
howpublished = {\url{http://mailchimp.com/features/drag-and-drop-editor/}},
urldate = {15/07/13},
year = {2013}
}
@misc{TheRocketScienceGroupLLC2013b,
author = {{The Rocket Science Group LLC}},
title = {How do conditional or smart merge tags work?},
howpublished = {\url{http://kb.mailchimp.com/article/how-do-conditional-smart-merge-tags-work/}},
urldate = {15/07/13},
year = {2013}
}
@misc{TheRocketScienceGroupLLC2013c,
author = {{The Rocket Science Group LLC}},
title = {Autoresponders},
howpublished = {\url{http://mailchimp.com/features/autoresponders/}},
urldate = {15/07/13},
year = {2013}
}
@misc{TheRocketScienceGroupLLC2013d,
author = {{The Rocket Science Group LLC}},
title = {Reports},
howpublished = {\url{http://mailchimp.com/features/reports/}},
urldate = {15/07/13},
year = {2013}
}
@misc{Zendesk2013,
author = {{Zendesk Inc.}},
title = {Why Zendesk?},
howpublished = {\url{http://www.zendesk.com/why-zendesk}},
urldate = {13/07/13},
year = {2013}
}
@misc{Zendesk2013a,
author = {{Zendesk Inc.}},
title = {Tour Zendesk},
howpublished = {\url{http://www.zendesk.com/product/key-features}},
urldate = {14/07/13},
year = {2013}
}
@book{Zikmund2007,
author = {Zikmund, WG and Babin, BJ},
edition = {9th},
isbn = {0324320884},
publisher = {South-Western College Pub},
title = {Exploring Marketing Research},
year = {2006}
}
