@book{Babbie2010,
author = {Babbie, ER},
edition = {12},
isbn = {9780495598411},
publisher = {Cengage Learning},
title =  {The practice of social research},
year = {2012}
}
@article{BachmannD.ElfrinkJ.&Vazzana1999,
author =  {Bachmann, D., Elfrink, J., \& Vazzana, G.},
journal = {Marketing Research},
number = {4},
pages = {11--15},
title =  {E-mail and snail mail face off in rematch},
volume = {11},
year = {1999}
}
@article{Barron2002,
annote = {Personalization},
author = {Barron, Greg and Yechiam, Eldad},
journal = {Computers in Human Behavior},
number = {5},
pages = {507--520},
title =  {Private e-mail requests and the diffusion of responsibility},
volume = {18},
year = {2002}
}
@article{Bogen1996,
author = {Bogen, Karen},
journal = {Proceedings of the Section on Survey Research Methods},
pages = {1020--1025},
title =  {The effect of questionnaire length on response rates: A review of the literature},
year = {1996}
}
@article{Bradburn1978,
author = {Bradburn, NM},
journal = {Proceedings of the Survey Research Methods Section of the American Statistical Association},
pages = {35--40},
title =  {Respondent burden},
year = {1978}
}
@article{Dillman1991,
author = {Dillman, DA},
journal = {Annual review of sociology},
number = {1991},
pages = {225--249},
title =  {The Design and Administration of Mail Surveys},
volume = {17},
year = {1991}
}
@book{Dillman2006,
author = {Dillman, DA},
edition = {2},
isbn = {9780470038567},
publisher = {Wiley},
title =  {Mail and Internet Surveys: The Tailored Design Method},
year = {2006}
}
@book{DillmanDonA.SmythJoleneD.Christian2009,
author =  {Dillman, Don A., Smyth, Jolene D., Christian, Leah Melani},
edition = {3},
isbn = {0471698687, 9780471698685},
publisher = {John Wiley \& Sons},
title =  {Internet, mail, and mixed-mode surveys},
year = {2009}
}
@article{Dillman1974a,
author = {Dillman, Don a. and Frey, James H.},
doi = {10.1037/h0036534},
issn = {0021-9010},
journal = {Journal of Applied Psychology},
number = {3},
pages = {297--301},
title =  {Contribution of personalization to mail questionnaire response as an element of previous tested method},
volume = {59},
year = {1974}
}
@article{Emerson1976,
author = {Emerson, RM},
journal = {Annual review of sociology},
number = {1976},
pages = {335--362},
title =  {Social Exchange Theory},
volume = {2},
year = {1976}
}
@book{Groves2009,
author = {Groves, RM and Jr, FJ Fowler and Couper, MP},
edition = {2},
isbn = {0471483486},
publisher = {Wiley},
title =  {Survey Methodology},
year = {2009}
}
@article{Heberlein1978,
author = {Heberlein, TA and Baumgartner, R},
journal = {American Sociological Review},
number = {4},
pages = {447--462},
title =  {Factors Affecting Response Rates to Mailed Questionnaires: A Quantitative Analysis of the Published Literature},
volume = {43},
year = {1978}
}
@article{Heerwegh2005,
annote = {Personalization},
author = {Heerwegh, D.},
doi = {10.1093/poq/nfi053},
issn = {0033-362X},
journal = {Public Opinion Quarterly},
month = dec,
number = {4},
pages = {588--598},
title =  {Effects of Personal Salutations in E-mail Invitations to Participate in a Web Survey},
volume = {69},
year = {2005}
}
@article{Joinson2007,
annote = {Personalization},
author = {Joinson, Adam N. and Reips, Ulf-Dietrich},
doi = {10.1016/j.chb.2004.12.011},
issn = {07475632},
journal = {Computers in Human Behavior},
month = may,
number = {3},
pages = {1372--1383},
title =  {Personalized salutation, power of sender and response rates to Web-based surveys},
volume = {23},
year = {2007}
}
@misc{Lewis1993,
author = {Lewis, Peter H.},
booktitle = {New York Times},
title =  {The Executive Computer; A Growing Internet Is Trying to Take Care of Business},
year = {1993}
}
@article{Madden2003,
author = {Madden, M and Rainie, L},
journal = {Pew Internet \& American Life Project},
number = {December},
title =  {America's Online Pursuits: The changing picture of who's online and what they do},
year = {2003}
}
@article{Madden2008,
author = {Madden, Mary and Jones, Sydney},
journal = {Pew Internet \& American Life Project},
title =  {Networked Workers},
year = {2008}
}
@article{Mavis1998,
author = {Mavis, B. E. and Brocato, J. J.},
doi = {10.1177/016327879802100306},
isbn = {0163278798021},
issn = {0163-2787},
journal = {Evaluation \& the Health Professions},
month = sep,
number = {3},
pages = {395--408},
title =  {Postal Surveys versus Electronic Mail Surveys: The Tortoise and the Hare Revisited},
volume = {21},
year = {1998}
}
@misc{InternetWorldStats2012,
author =  {Miniwatts Marketing Group},
booktitle = {Miniwatts Marketing Group},
title =  {World Internet Users Statistics Usage and World Population Stats},
year = {2012}
}
@article{Norman2000,
author = {Norman, N and Lutz, E},
journal = {Stanford Institute for the Quantitative Study of Society. \ldots},
title =  {Internet and Society: A Preliminary Report},
year = {2000}
}
@article{Paolo2009,
author =  {Paolo, A. M., Bonaminio, G. A., Gibson, C., Partridge, T., Kallail, K.},
journal = {Teaching and Learning in Medicine},
number = {2},
pages = {81--84},
title =  {Response rate comparisons of e-mail-and mail-distributed student evaluations},
volume = {12},
year = {2000}
}
@article{Purcell2011,
author = {Purcell, Kristen},
journal = {Pew Internet \& American Life Project},
title =  {Search and email still top the list of most popular online activities},
year = {2011}
}
@article{Schaefer1998,
author = {Schaefer, DR and Dillman, DA},
journal = {Public opinion quarterly},
number = {3},
pages = {378--397},
title =  {Development of a standard e-mail methodology: Results of an experiment.},
volume = {62},
year = {1998}
}
@article{Scott1969,
author = {Scott, A and Smith, TMF},
journal = {Journal of the American Statistical Association},
number = {327},
pages = {830--840},
title =  {Estimation in Multi-Stage Surveys},
volume = {64},
year = {1969}
}
@article{Sheehan2006,
author = {Sheehan, Kim Bartel and Hoy, Mariea Grubbs},
doi = {10.1111/j.1083-6101.1999.tb00101.x},
issn = {10836101},
journal = {Journal of Computer-Mediated Communication},
month = jun,
number = {3},
title =  {Using E-mail To Survey Internet Users In The United States: Methodology And Assessment},
volume = {4},
year = {2006}
}
@article{Sproull1986,
author = {Sproull, LS},
journal = {Academy of Management Journal},
number = {1},
pages = {159--169},
title =  {Using Electronic Mail for Data Collection in Organizational Research},
volume = {29},
year = {1986}
}
@article{Sue2011,
author = {Sue, VM and Ritter, LA},
journal = {Sage},
title =  {Conducting Online Surveys},
year = {2011}
}
@book{Zikmund2007,
author = {Zikmund, WG and Babin, BJ},
edition = {9},
isbn = {0324320884},
publisher = {South-Western College Pub},
title =  {Exploring Marketing Research},
year = {2006}
}
