@article{Kaplowitz2004,
author = {Kaplowitz, M. D. and Hadlock, T. D. and Levine, R.},
doi = {10.1093/poq/nfh006},
file = {:Users/baris/Documents/Mendeley Desktop/3521538.pdf:pdf},
issn = {0033-362X},
journal = {Public Opinion Quarterly},
keywords = {E13},
mendeley-tags = {E13},
month = apr,
number = {1},
pages = {94--101},
title = {{A Comparison of Web and Mail Survey Response Rates}},
url = {http://poq.oxfordjournals.org/cgi/doi/10.1093/poq/nfh006},
volume = {68},
year = {2004}
}
@article{Kiesler1986,
author = {Kiesler, Sara and Sproull, LS},
file = {:Users/baris/Documents/Mendeley Desktop/2748727.pdf:pdf},
journal = {Public Opinion Quarterly},
keywords = {E8},
mendeley-tags = {E8},
number = {3},
pages = {402--413},
title = {{Response Effects in the Electronic Survey}},
url = {http://poq.oxfordjournals.org/content/50/3/402.short},
volume = {50},
year = {1986}
}
@article{Barron2002,
annote = {Personalization},
author = {Barron, Greg and Yechiam, Eldad},
file = {:Users/baris/Documents/Mendeley Desktop/1-s2.0-S0747563202000079-main.pdf:pdf},
journal = {Computers in Human Behavior},
keywords = {E19,cueing,diffusion,dilemma,e-mail,helping,responsibility,social},
mendeley-tags = {E19},
pages = {507--520},
title = {{Private e-mail requests and the diffusion of responsibility}},
url = {http://www.sciencedirect.com/science/article/pii/S0747563202000079},
volume = {18},
year = {2002}
}
