%% This BibTeX bibliography file was created using BibDesk.
%% http://bibdesk.sourceforge.net/


%% Created for Marco Kuhrmann at 2010-06-16 13:40:41 +0200 


%% Saved with string encoding Western (Mac OS Roman) 



@book{fhks2008,
	Author = {Jan Friedrich and Ulrike Hammerschall and Marco Kuhrmann and Marc Sihling},
	Edition = {2.},
	Number = {ISBN: 978-3-540-76403-8},
	Publisher = {Springer},
	Series = {Informatik im Fokus},
	Title = {{Das V-Modell XT - F{\"u}r Projektleiter und QS-Verantwortliche kompakt und {\"u}bersichtlich}},
	Year = {2009}}

@book{VMX2009,
	Author = {Jan Friedrich and Ulrike Hammerschall and Marco Kuhrmann and Marc Sihling},
	Edition = {2},
	Owner = {Evgenij},
	Publisher = {Springer},
	Timestamp = {2010.02.09},
	Title = {Das V-Modell XT},
	Year = {2009}}

@book{ktf09a,
	Author = {Marco Kuhrmann and Thomas Ternit{\`E} and Jan Friedrich},
	Note = {(to appear)},
	Owner = {Marco},
	Publisher = {Springer},
	Series = {Informatik im Fokus},
	Timestamp = {2009.09.05},
	Title = {Das V-Modell XT anpassen},
	Year = {2009}}

@misc{Prieur2009,
	Author = {Jean-Marc Prieur},
	Howpublished = {http://blogs.msdn.com/jmprieur/archive/2009/05/22/announcing-the-visual-studio-2010- dsl-sdk-beta-1.aspx},
	Owner = {Evgenij},
	Timestamp = {2009.08.18},
	Title = {Announcing the Visual Studio 2010 DSL SDK Beta 1},
	Year = {2009}}

@techreport{TK09,
	Author = {Ternit{\`E}, T. and Kuhrmann, M.},
	Institution = {Technische Universität München},
	Number = {TUM-I0905},
	Owner = {Evgenij},
	Timestamp = {2009.07.29},
	Title = {Das V-Modell XT 1.3 Metamodell},
	Year = {2009}}
